@article{barboni2024understanding,
	title={Understanding the training of infinitely deep and wide ResNets with Conditional Optimal Transport},
	author={Barboni, Rapha{\"e}l and Peyr{\'e}, Gabriel and Vialard, Fran{\c{c}}ois-Xavier},
	journal={(journal submission)},
	year={2024}
}

@article{barboni2022global,
	title={On global convergence of ResNets: From finite to infinite width using linear parameterization},
	author={Barboni, Rapha{\"e}l and Peyr{\'e}, Gabriel and Vialard, Fran{\c{c}}ois-Xavier},
	journal={Advances in Neural Information Processing Systems},
	volume={35},
	pages={16385--16397},
	year={2022}
}
